@unpublished{wlaschin,
  author = "Scott Wlaschin",
  title = "The lazy programmer's guide to writing 1000's of tests: An introduction to property based testing",
  note = "\url{https://skillsmatter.com/skillscasts/6432-the-lazy-programmers-guide-to-writing-1000s-of-tests-an-introduction-to-property-based-testing}",
  year = "2015"
}

@unpublished{spotify,
  author = "Emil Eriksson",
  title = "Generating test cases so you don’t have to",
  note = "\url{https://labs.spotify.com/2015/06/25/rapid-check/}",
  year = "2015"
}

@unpublished{rapidcheck,
  author = "Emil Eriksson",
  title = "RapidCheck",
  note = "\url{https://github.com/emil-e/rapidcheck}"
}

@unpublished{pmalek_rapidcheck,
  author = "Patryk Małek",
  title = "rapidcheck code::dive source code",
  note = "\url{https://github.com/pmalek/rapidcheck_codedive.git}"
}
